<?xml version="1.0" encoding="UTF-8"?><collection xmlns="http://www.loc.gov/MARC21/slim"><record><leader>00324nam--2200133-i-4500</leader><controlfield tag="001">000050130</controlfield><controlfield tag="002">20161230</controlfield><controlfield tag="005">20161230201048</controlfield><controlfield tag="008">060222s1000------------r-----000-0-eng-d</controlfield><datafield ind1=" " ind2=" " tag="080"><subfield code="a">621.385.83</subfield></datafield><datafield ind1=" " ind2=" " tag="100"><subfield code="a">Baranovskii, V.I</subfield></datafield><datafield ind1=" " ind2=" " tag="245"><subfield code="a">Elektronno-luchevye trubki</subfield></datafield><datafield ind1=" " ind2=" " tag="260"><subfield code="a">Moskva, Gosenergoizdat, 1961, 223s</subfield></datafield><datafield ind1=" " ind2=" " tag="852"><subfield code="a">2412</subfield></datafield></record></collection>